% Use https://mathscinet.ams.org/mrlookup to find bibtex data for published articles
% Other websites such as google scholar also provide bibtex data
% Choose "BibTex" format on the website before you search
% The first parameter in each BibTex entry
% (for example Tverberg:1996tb) is the cite key for you article


@inproceedings{lavin:2021:memsys,
    author = {Lavin, Patrick and Young, Jeffrey and Vuduc, Richard and Riedy, Jason and Vose, Aaron and Ernst, Daniel},
    title = {Evaluating Gather and Scatter Performance on CPUs and GPUs},
    year = {2021},
    isbn = {9781450388993},
    publisher = {Association for Computing Machinery},
    address = {New York, NY, USA},
    url = {https://doi.org/10.1145/3422575.3422794},
    doi = {10.1145/3422575.3422794},
    booktitle = {Proceedings of the International Symposium on Memory Systems},
    pages = {209-222},
    numpages = {14},
    location = {Washington, DC, USA},
    series = {MEMSYS '20}
}

@inproceedings{sheridan:2024:memsys,
    author = {Sheridan, Kevin and Dominguez-Trujillo, Jered and Shipman, Galen and Lavin, Patrick and Scott, Christopher and Vaca Valverde, Agustin and Vuduc, Richard and Young, Jeffrey},
    title = {A Workflow for the Synthesis of Irregular Memory Access Microbenchmarks},
    year = {2024},
    isbn = {9798400710919},
    publisher = {Association for Computing Machinery},
    address = {New York, NY, USA},
    url = {https://doi.org/10.1145/3695794.3695816},
    doi = {10.1145/3695794.3695816},
    booktitle = {Proceedings of the International Symposium on Memory Systems},
    pages = {219-234},
    numpages = {16},
    keywords = {Memory systems, Benchmarking, Sparse Algorithms, Workload Analysis},
    series = {MEMSYS '24}
}



  


